@article{MTEX2Gmsh,
  doi = {10.21105/joss.02094},
  url = {https://doi.org/10.21105/joss.02094},
  year = {2020},
  publisher = {The Open Journal},
  volume = {5},
  number = {52},
  pages = {2094},
  author = {Dorian Depriester and R\'egis Kubler},
  title = {MTEX2Gmsh: a tool for generating 2D meshes from EBSD data},
  journal = {Journal of Open Source Software}
}