@article{Allais,
  title={Experimental characterization of the local strain field in a heterogeneous elastoplastic material},
  author={Allais, L. and Bornert, M. and Bretheau, T. and Caldemaison, D.},
  journal={Acta Metallurgica et materialia},
  volume={42},
  number={11},
  pages={3865--3880},
  year={1994},
  publisher={Elsevier},
  doi={10.1016/0956-7151(94)90452-9}
}

@article{Hild,
author = {F. Hild and B. Raka and M. Baudequin and S. Roux and F. Cantelaube},
journal = {Appl. Opt.},
number = {32},
pages = {6815--6828},
publisher = {OSA},
title = {Multiscale displacement field measurements of compressed mineral-wool samples by digital image correlation},
volume = {41},
month = {Nov},
year = {2002},
doi = {10.1364/AO.41.006815},
}

@book{priester2012grain,
  title={Grain boundaries: from theory to engineering},
  author={Priester, L.},
  volume={172},
  year={2012},
  publisher={Springer Science \& Business Media}
}

@article{ZHONG2017136,
title = "The five-parameter grain boundary curvature distribution in an austenitic and ferritic steel",
journal = "Acta Materialia",
volume = "123",
pages = "136 - 145",
year = "2017",
issn = "1359-6454",
doi = "10.1016/j.actamat.2016.10.030",
author = "X. Zhong and D. J. Rowenhorst and H. Beladi and G. S. Rohrer",
}
