@article{Allais:1994,
  title={Experimental characterization of the local strain field in a heterogeneous elastoplastic material},
  author={Allais, L. and Bornert, M. and Bretheau, T. and Caldemaison, D.},
  journal={Acta Metallurgica et materialia},
  volume={42},
  number={11},
  pages={3865--3880},
  year={1994},
  publisher={Elsevier},
  doi={10.1016/0956-7151(94)90452-9}
}

@article{Hild:2002,
author = {F. Hild and B. Raka and M. Baudequin and S. Roux and F. Cantelaube},
journal = {Appl. Opt.},
number = {32},
pages = {6815--6828},
publisher = {OSA},
title = {Multiscale displacement field measurements of compressed mineral-wool samples by digital image correlation},
volume = {41},
month = {Nov},
year = {2002},
doi = {10.1364/AO.41.006815},
}

@book{Priester:2012,
  title={Grain boundaries: from theory to engineering},
  author={Priester, L.},
  volume={172},
  year={2012},
  publisher={Springer Science \& Business Media}
}

@article{Zhong:2017,
title = "The five-parameter grain boundary curvature distribution in an austenitic and ferritic steel",
journal = "Acta Materialia",
volume = "123",
pages = "136 - 145",
year = "2017",
issn = "1359-6454",
doi = "10.1016/j.actamat.2016.10.030",
author = "X. Zhong and D. J. Rowenhorst and H. Beladi and G. S. Rohrer",
}

@article{Geuzaine:2009,
  title={Gmsh: A {3-D} finite element mesh generator with built-in pre-and post-processing facilities},
  author={Geuzaine, C. and Remacle, J.-F.},
  journal={International journal for numerical methods in engineering},
  volume={79},
  number={11},
  pages={1309--1331},
  year={2009},
  publisher={Wiley Online Library},
  doi={10.1002/nme.2579}
}

@article{Bachmann:2011,
title = "Grain detection from 2d and 3d EBSD dataâ€”Specification of the MTEX algorithm",
journal = "Ultramicroscopy",
volume = "111",
number = "12",
pages = "1720 - 1733",
year = "2011",
issn = "0304-3991",
doi = "10.1016/j.ultramic.2011.08.002",
author = "F. Bachmann and R. Hielscher and H. Schaeben",
}
